<?xml version="1.0" encoding="UTF-8"?><collection xmlns="http://www.loc.gov/MARC21/slim"><record><leader>00527nam--2200169-i-4500</leader><controlfield tag="001">000045852</controlfield><controlfield tag="002">20161230</controlfield><controlfield tag="005">20161230201045</controlfield><controlfield tag="008">060222s1000------------r-----000-0-eng-d</controlfield><datafield ind1=" " ind2=" " tag="040"><subfield code="a">IFIN-HH</subfield></datafield><datafield ind1=" " ind2=" " tag="080"><subfield code="a">519.24</subfield></datafield><datafield ind1="1" ind2=" " tag="100"><subfield code="a">Valadares Tavares, L</subfield></datafield><datafield ind1="1" ind2="0" tag="245"><subfield code="a">On extreme values of stationary stochastic processes with exponential covariance functions</subfield><subfield code="c">L. valadares tavares</subfield></datafield><datafield ind1=" " ind2=" " tag="260"><subfield code="a">Oeiras, Lisboa</subfield><subfield code="b">Instituto Gulbenkian De Ciencia</subfield><subfield code="c">1972</subfield></datafield><datafield ind1=" " ind2=" " tag="300"><subfield code="a">59P.+21FIG</subfield></datafield><datafield ind1=" " ind2=" " tag="852"><subfield code="a">40020</subfield><subfield code="c">519.24</subfield></datafield><datafield ind1=" " ind2=" " tag="CAT"><subfield code="a">Sys</subfield><subfield code="c">20130805</subfield><subfield code="h">134537</subfield></datafield></record></collection>